@book{engineering-a-compiler,
  title={Engineering a compiler},
  author={Cooper, Keith D and Torczon, Linda},
  year={2022},
  publisher={Morgan Kaufmann}
}
